<record><leader>00000cas a22000007a 4500</leader><controlfield tag="001">17383538</controlfield><controlfield tag="008">880123d193u1948iauwr ne      0    0eng d</controlfield><datafield ind1=" " ind2=" " tag="010"><subfield code="a">sn 88059223 </subfield></datafield><datafield ind1=" " ind2=" " tag="040"><subfield code="a">INP</subfield><subfield code="b">eng</subfield><subfield code="c">INP</subfield><subfield code="d">OCLCQ</subfield></datafield><datafield ind1=" " ind2=" " tag="042"><subfield code="a">msc</subfield></datafield><datafield ind1="0" ind2=" " tag="130"><subfield code="a">Parkersburg eclipse (Parkersburg, Iowa : 1934)</subfield></datafield><datafield ind1="1" ind2="4" tag="245"><subfield code="a">The Parkersburg eclipse.</subfield></datafield><datafield ind1="1" ind2="3" tag="246"><subfield code="a">Eclipse</subfield></datafield><datafield ind1=" " ind2=" " tag="260"><subfield code="a">Parkersburg, Butler County, Iowa :</subfield><subfield code="b">Johnson &amp; Co., Publishers</subfield></datafield><datafield ind1=" " ind2=" " tag="300"><subfield code="a">v.</subfield></datafield><datafield ind1=" " ind2=" " tag="310"><subfield code="a">Weekly</subfield></datafield><datafield ind1="0" ind2=" " tag="362"><subfield code="a">-v. 76, no. 1 (Sept. 2, 1948).</subfield></datafield><datafield ind1=" " ind2=" " tag="500"><subfield code="a">Publisher varies.</subfield></datafield><datafield ind1=" " ind2=" " tag="588"><subfield code="a">Description based on: Vol. 62, no. 20 (Jan. 4, 1934).</subfield></datafield><datafield ind1=" " ind2=" " tag="752"><subfield code="a">United States</subfield><subfield code="b">Iowa</subfield><subfield code="c">Butler</subfield><subfield code="d">Parkersburg.</subfield></datafield><datafield ind1="0" ind2="0" tag="780"><subfield code="t">Parkersburg eclipse and the New Hartford review, consolidated (Parkersburg, Iowa : 1930)</subfield><subfield code="w">(DLC)sn 88059222</subfield></datafield><datafield ind1="0" ind2="0" tag="785"><subfield code="t">Parkersburg eclipse and the New Hartford, Iowa, review, consolidated</subfield><subfield code="w">(DLC)sn 87058425</subfield></datafield><datafield ind1="1" ind2=" " tag="029"><subfield code="a">AU@</subfield><subfield code="b">000025806632</subfield></datafield></record>